@ARTICLE{helbing00,
    author = {Helbing, Dirk and Farkas, Illés and Vicsek, Tamás},
    title = {Simulating dynamical features of escape panic},
    journal = {Nature},
    year = {2000},
    volume = {407},
    pages = {487--490}
}
