@ARTICLE{helbing00,
    author = {Helbing, Dirk and Farkas, Illés and Vicsek, Tamás},
    title = {Simulating dynamical features of escape panic},
    journal = {Nature},
    year = {2000},
    volume = {407},
    pages = {487--490}
}

@ARTICLE{self-org,
    author = {Dirk Helbing and Lubos Buzna and Anders Johansson and Torsten 
        Werner},
    title = {Self-Organized Pedestrian Crowd Dynamics: Experiments, 
        Simulations and Design Solutions},
    journal = {Transportation Science},
    year = {2005},
    volume = {39},
    issue = {1},
    pages = {1--24},
}

@ARTICLE{social-force,
    author = {Dirk Helbing and Péter Molnár},
    title = {Social force model for pedestrian dynamics},
    journal = {Physical Review},
    year = {1995},
}


@ARTICLE{simintro,
  author = {D. M. Ceperley},
  title = {Microscopic simulations in physics},
  journal = {Reviews of modern physics},
  year = {1999},
  volume = {71},
  pages = {s438-s443},
  owner = {danalb},
  timestamp = {2010.10.25}
}

@BOOK{finans,
  title = {Microscopic Simulation of Financial Markets},
  publisher = {Academic Press},
  year = {2000},
  author = {Haim Levy, Moshe Levy, Sorim Solomon},
  owner = {danalb},
  timestamp = {2010.10.25}
}

@ARTICLE{fish,
  author = {Andreas Huth and Christian Wissel},
  title = {The simulation of the movement of fish schools},
  journal = {Journal of Theoretical Biology},
  year = {1992},
  volume = {156},
  pages = {365-285},
  owner = {danalb},
  timestamp = {2010.10.25}
}

@BOOK{MDbio,
  title = {Molecular Modelling - Principles and application},
  publisher = {Longman},
  year = {1996},
  author = {Andrew R. Leach},
  owner = {danalb},
  timestamp = {2010.10.25}
}

@BOOK{MDintro,
  title = {Molecular Dynamics - From Classical to Quantum Methods},
  publisher = {Elservier},
  year = {1999},
  editor = {Perla B. Balbuena, Jorge M. Seminario},
  author = {Perla B. Balbuena, Jorge M. Seminario},
  owner = {danalb},
  timestamp = {2010.10.25}
}